<?xml version="1.0" encoding="UTF-8"?><collection xmlns="http://www.loc.gov/MARC21/slim"><record><leader>00298nam--2200121-i-4500</leader><controlfield tag="001">000022621</controlfield><controlfield tag="002">20161230</controlfield><controlfield tag="005">20161230201034</controlfield><controlfield tag="008">060222s1000------------r-----000-0-eng-d</controlfield><datafield ind1=" " ind2=" " tag="080"><subfield code="a">546.212.02:663.6</subfield></datafield><datafield ind1=" " ind2=" " tag="245"><subfield code="a">Heavy water production</subfield></datafield><datafield ind1=" " ind2=" " tag="260"><subfield code="a">New York, Atomic Ind.Forum, 1966, 12 P</subfield></datafield><datafield ind1=" " ind2=" " tag="852"><subfield code="a">25078</subfield></datafield></record></collection>